<?xml version="1.0" encoding="UTF-8"?><collection xmlns="http://www.loc.gov/MARC21/slim"><record><leader>00568nam--2200181-i-4500</leader><controlfield tag="001">000031376</controlfield><controlfield tag="002">20161230</controlfield><controlfield tag="005">20161230201038</controlfield><controlfield tag="008">060222s1000------------r-----000-0-eng-d</controlfield><datafield ind1=" " ind2=" " tag="040"><subfield code="a">IFIN-HH</subfield></datafield><datafield ind1=" " ind2=" " tag="080"><subfield code="a">53.07</subfield></datafield><datafield ind1="1" ind2=" " tag="100"><subfield code="a">Mackintosh, Allan R. /S.A.</subfield></datafield><datafield ind1="1" ind2="0" tag="245"><subfield code="a">Symposium on international facilities for physics research march 21-23, 1983, copenhagen and riso, denmark</subfield><subfield code="c">Allan r. mackintosh, kund mollenbach</subfield></datafield><datafield ind1=" " ind2=" " tag="260"><subfield code="a">Riso</subfield><subfield code="b">National Laboratory</subfield><subfield code="c">1983</subfield></datafield><datafield ind1=" " ind2=" " tag="300"><subfield code="a">111P</subfield></datafield><datafield ind1="1" ind2=" " tag="700"><subfield code="a">Mollenbach, Knud</subfield></datafield><datafield ind1=" " ind2=" " tag="852"><subfield code="a">72805</subfield><subfield code="c">53.08</subfield></datafield><datafield ind1=" " ind2=" " tag="CAT"><subfield code="a">Sys</subfield><subfield code="c">20151029</subfield><subfield code="h">131639</subfield></datafield></record></collection>